
@book{Bosq1998,
author    = "Bosq, D.",
title     = "Nonparametric statistics for stochastic processes",
year      = "1998",
publisher = "New York, Springer",
}

@article{Cox1957,
author  = "Cox, D.~R.",
title   = "Note on grouping", 
journal = "J.\ Am.\ Statist.\ Ass.",
volume  = "52",
pages   = "543-547",
year    = "1957", 
}
