
@article{BerkesLiuWu2014,
author  = "Berkes, I. and Liu, W. and Wu, W.~B.",
title   = "Koml{\'o}s-{M}ajor-{T}usn{\'a}dy approximation under dependence",
journal = "Annals of Probability", 
volume  = "42",
pages   = "794-817", 
year    = "2014",
}

@book{Bosq1998,
author    = "Bosq, D.",
title     = "Nonparametric statistics for stochastic processes",
year      = "1998",
publisher = "New York, Springer",
}

@article{Bradley2005,
author  = "Bradley, R.~C.",
title   = "Basic properties of strong mixing conditions. A survey and some open questions",
journal = "Probability Surveys",
volume  = "2",
pages   = "107-144", 
year    = "2005",
}

@article{ChaudhuriMarron1999,
author  = "Chaudhuri, P. and Marron, J.~S.",
title   = "Si{Z}er for the exploration of structures in curves",
journal = "Journal of the American Statistical Association",
volume  = "94", 
pages   = "807-823",
year    = "1999",
}

@article{ChaudhuriMarron2000,
author  = "Chaudhuri, P. and Marron, J.~S.",
title   = "Scale space view of curve estimation",
journal = "Annals of Statistics",
volume  = "28", 
pages   = "408-428",
year    = "2000",
}

@article{Chernozhukov2015,
author  = "Chernozhukov, V. and Chetverikov, D. and Kato, K.",
title   = "Comparison and anti-concentration bounds for maxima of {G}aussian random vectors",
journal = "Probability Theory and Related Fields",
volume  = "162",
pages   = "47-70",
year    = "2015",
}

@article{DuembgenSpokoiny2001,
author  = "D{\"u}mbgen, L. and Spokoiny, V.~G.", 
title   = "Multiscale testing of qualitative hypotheses",
journal = "Annals of Statistics", 
volume  = "29", 
pages   = "124-152",
year    = "2001", 
}

@article{Duembgen2002,
author  = "D{\"u}mbgen, L.", 
title   = "Application of local rank tests to nonparametric regression",
journal = "Journal of Nonparametric Statistics", 
volume  = "14", 
pages   = "511-537",
year    = "2002", 
}

@book{FanGijbels1996,
author = "Fan, J. and Gijbels, I.",
title  = "Local polynomial modelling and its applications",
publisher = "Chapman \& Hall",
year      = "1996",
}

@article{HallHeckman2000,
author  = "Hall, P. and Heckman, N.~E.",
title   = "Testing for monotonicity of a regression mean by calibrating for linear functions",
journal = "Annals of Statistics",
volume  = "28",
pages   = "20-39",
year    = "2000",
}

@article{Hall2003,
author  = "Hall, P. and Van Keilegom, I.",
title   = "Using difference-based methods for inference in nonparametric regression with time series errors",
journal = "Journal of the Royal Statistical Society: Series B",
volume  = "65",
pages   = "443-456",
year    = "2003",
}

@book{HastieTibshiraniFriedman2009,
author    = "Hastie, T. and Tibshirani, R. and Friedman, J.",
title     = "The Elements of Statistical Learning",
year      = "2009",
publisher = "New York, Springer",
}

@article{Herrmann1992,
author  = "Herrmann, E. and Gasser, T. and Kneip, A.",
title   = "Choice of bandwidth for kernel regression when residuals are correlated",
journal = "Biometrika",
volume  = "79",
pages   = "783-795",
year    = "1992",
}

@article{Huckemann2016,
author  = "Huckemann, S. and Kim, K.-R. and Munk, A. and Rehfeldt, F. and Sommerfeld, M. and Weickert, J. and Wollnik, C.",
title   = "The circular {S}i{Z}er, inferred persistence of shape parameters and application to early stem cell differentiation",
journal = "Bernoulli",
volume  = "22",
pages   = "2113-2142",
year    = "2016",
}

@article{KimMarron2006,
author  = "Kim, C.~S. and Marron, J.~S.",
title   = "Si{Z}er for jump detection", 
journal = "Journal of Nonparametric Statistics",
volume  = "18",
pages   = "13-20",
year    = "2006", 
}

@article{KMT1976II,
author  = "Koml{\'o}s, J. and Major, P. and Tusn{\'a}dy, G.",
title   = "An approximation of partial sums of independent {RV}'s, and the Sample {DF}. {II}",
journal = "Zeitschrift f{\"u}r Wahrscheinlichkeitstheorie und verwandte Gebiete",
volume  = "34", 
pages   = "33-58",
year    = "1976",
}

@book{Ledoux2001,
author    = "Ledoux, M.",
title     = "Concentration of Measure Phenomenon",
publisher = "American Mathematical Society",
year      = "2001",
}

@article{Mammen1993,
author  = "H{\"a}rdle, W. and Mammen, E.",
title   = "Comparing nonparametric versus parametric regression fits",
journal = "Annals of Statistics",
volume  = "21",
pages   = "1926-1947",
year    = "1993",
}

@article {Munk2017,
author  = "Tecuapetla-G{\'o}mez, I. and Munk, A.",
title   = "Autocovariance estimation in regression with a discontinuous signal and $m$-dependent errors: a difference-based approach",
journal = "Scandinavian Journal of Statistics",
volume  = "44",
pages   = "346-368",
year    = "2017",
}

@article{MuellerStadtmueller1988,
author  = "M{\"u}ller, H.-G. and Stadtm{\"u}ller, U.",
title   = "Detecting dependencies in smooth regression models",
journal = "Biometrika",
volume  = "75",
pages   = "639-650",
year    = "1988",
}

@article{Hansen2008,
author  = "Hansen, B.",
title   = "Uniform convergence rates for kernel estimation with dependent data",
journal = "Econometric Theory",
volume  = "24",
pages   = "726-748",
year    = "2008",
}

@article{Liebscher1996,
author  = "Liebscher, E.",
title   = "Central limit theorems for sums of $\alpha$-mixing random variables",
journal = "Stochastics and Stochastic Reports",
volume  = "59",
pages   = "241-258",
year    = "1996",
}

@article{Masry1996,
author  = "Masry, E.",
title   = "Multivariate local polynomial regression for time series: uniform strong consistency and rates",
journal = "Journal of Time Series Analysis",
volume  = "17",
pages   = "571-599",
year    = "1996",
}

@article{Rondonotti2004,
author  = "Park, C. and Marron, J.~S. and Rondonotti, V.",
title   = "Dependent {S}i{Z}er: goodness-of-fit tests for time series models",
journal = "Journal of Applied Statistics",
volume  = "31",
pages   = "999-1017",
year    = "2004",
}

@article{Rice1984,
author  = "Rice, J.",
title   = "Bandwidth choice for nonparametric regression",
journal = "Annals of Statistics",
volume  = "12",
pages   = "1215-1230",
year    = "1984",
}

@article{Rondonotti2007,
author  = "Rondonotti, V. and Marron, J.~S. and Park, C.", 
title   = "Si{Z}er for time series: a new approach to the analysis of trends",
journal = "Electronic Journal of Statistics", 
volume  = "1", 
pages   = "268-289",
year    = "2007",
}

@article{VogtLinton2017,
author  = "Vogt, M. and Linton, O.",
title   = "Classification of non-parametric regression functions in longitudinal data models",
journal = "Journal of the Royal Statistical Society: Series B",
volume  = "79",
pages   = "5-27", 
year    = "2017",
}

@article{WuShao2004,
author  = "Wu, W.~B. and Shao, X.",
title   = "Limit theorems for iterated random functions",
journal = "Journal of Applied Probability", 
voulme  = "41", 
pages   = "425-436",
year    = "2004",
}

@article{Wu2005,
author  = "Wu, W.~B.",
title   = "Nonlinear system theory: another look at dependence", 
journal = "Proc. Natn. Acad. Sci. USA", 
volume  = "102",
pages   = "14150-14154",
year    = "2005",
}

@article{Wu2007,
author  = "Wu, W.~B.", 
title   = "Strong invariance principles for dependent random variables",
journal = "Annals of Probability",
volume  = "35",
pages   = "2294-2320",
year    = "2007",
}

@article{Wright1973,
author  = "Wright, F.~T.",
title   = "A bound on tail probabilities for quadratic forms in independent random variables whose distributions are not necessarily symmetric",
journal = "Annals of Probability",
volume  = "1",
pages   = "1068-1070",
year    = "1973",
}




@article{DegrasWu2012,
author  = "Degras, D. and Xu, Z. and Zhang, T. and Wu, W.~B.",
title   = "Testing for parallelism among trends in multiple time series",
journal = "IEEE Transactions on Signal Processing",
volume  = "60",
pages   = "1087-1097",
year    = "2012",
}

@article{Lyubchich2016,
author  = "Lyubchich, V. and Gel, Y.~R.",
title   = "A local factor nonparametric test for trend synchronism in multiple time series",
journal = "Journal of Multivariate Analysis",
volume  = "150",
pages   = "91-104",
year    = "2016",
}

@article{FanLin1998,
author  = "Fan, J. and Lin, S.~K.",
title   = "Test of significance when data are curves",
journal = "Journal of American Statistical Association", 
volume  = "93", 
pages   = "1007-1021",
year    = "1998",
}

@article{Vogelsang2005,
author  = "Vogelsang, T.~J. and Franses, P.~H.", 
title   = "Testing for common deterministic trend slopes",
journal = "Journal of Econometrics",
volume  = "126",
pages   = "1-24",
year    = "2005",
}




@incollection{JonesHulme1997,
author    = "Jones, P.~D. and Hulme, M.",
title     = "The changing temperature of {"}Central England{"}",
editor    = "Hulme, M. and Barrow, E.",
booktitle = "Climates of the British Isles, present, past and future",
publisher = "Routledge",
address   = "London",
pages     = "173-196",
year      = "1997",
}

@article{Benner1999,
author  = "Benner, T.~C.",
title   = "Central England temperatures: long-term variability and teleconnections",
journal = "International Journal of Climatology",
volume  = "19",
pages   = "391-403",
year    = "1999",
}

@article{Rahmstorf2017,
author  = "Rahmstorf, S. and Foster, G. and Cahill, N.",
title   = "Global temperature evolution: recent trends and some pitfalls",
journal = "Environmental Research Letters",
volume  = "12",
year    = "2017",
}

@article{Foster2011,
author  = "Foster, G. and Rahmstorf, S.",
title   = "Global temperature evolution 1979-2010",
journal = "Environmental Research Letters",
volume  = "6",
year    = "2011",
}

@article{Parker1992,
author  = "Parker, D.~E. and Legg, T.~P. and Folland, C.~K.",
title   = "A new daily Central England temperature series, 1772-1991",
journal = "International Journal of Climatology", 
volume  = "12",
pages   = "317-342",
year    = "1992",
}

@book{Mudelsee2010,
author    = "Mudelsee, M.",
title     = "Climate time series analysis: classical statistical and bootstrap methods",
year      = "2010",
publisher = "New York, Springer",
}

